<record><leader>00000cas a2200000 a 4500</leader><controlfield tag="001">13025100</controlfield><controlfield tag="008">860115d18381840pauwr ne      0    0eng c</controlfield><datafield ind1=" " ind2=" " tag="010"><subfield code="a">sn 86083191 </subfield></datafield><datafield ind1=" " ind2=" " tag="040"><subfield code="a">NPH</subfield><subfield code="b">eng</subfield><subfield code="c">NPH</subfield><subfield code="d">KNP</subfield><subfield code="d">OCL</subfield><subfield code="d">ATL</subfield><subfield code="d">DLC</subfield><subfield code="d">OCLCQ</subfield><subfield code="d">OCLCF</subfield></datafield><datafield ind1="1" ind2=" " tag="029"><subfield code="a">AU@</subfield><subfield code="b">000020128391</subfield></datafield><datafield ind1=" " ind2=" " tag="042"><subfield code="a">pcc</subfield></datafield><datafield ind1=" " ind2=" " tag="043"><subfield code="a">n-us-pa</subfield></datafield><datafield ind1="0" ind2="0" tag="050"><subfield code="a">Newspaper</subfield></datafield><datafield ind1=" " ind2="4" tag="050"><subfield code="a">BX8901</subfield></datafield><datafield ind1="0" ind2="4" tag="245"><subfield code="a">The Presbyterian advocate, and herald of the West.</subfield></datafield><datafield ind1="1" ind2="3" tag="246"><subfield code="a">Advocate and herald</subfield></datafield><datafield ind1="1" ind2="7" tag="246"><subfield code="a">Presbyterian advocate and herald</subfield></datafield><datafield ind1=" " ind2=" " tag="260"><subfield code="a">Pittsburgh [Pa. :</subfield><subfield code="b">s.n.],</subfield><subfield code="c">1838-1840.</subfield></datafield><datafield ind1=" " ind2=" " tag="300"><subfield code="a">3 v. ;</subfield><subfield code="c">61 cm.</subfield></datafield><datafield ind1=" " ind2=" " tag="310"><subfield code="a">Weekly</subfield></datafield><datafield ind1="0" ind2=" " tag="362"><subfield code="a">New ser., v. 10, no. 40 (Oct. 4, 1838)-v. 12, no. 39 (Sept. 23, 1840) = whole no. 1236-3042 = Advocate, vol. 1, no. 1-v. 2, no. 52.</subfield></datafield><datafield ind1=" " ind2=" " tag="530"><subfield code="a">Also issued on microfilm by American Theological Library Association.</subfield></datafield><datafield ind1=" " ind2="0" tag="651"><subfield code="a">Pittsburgh (Pa.)</subfield><subfield code="v">Newspapers.</subfield></datafield><datafield ind1=" " ind2="7" tag="655"><subfield code="a">Newspapers.</subfield><subfield code="2">fast</subfield><subfield code="0">(OCoLC)fst01423814</subfield></datafield><datafield ind1=" " ind2="7" tag="651"><subfield code="a">Pennsylvania</subfield><subfield code="z">Pittsburgh.</subfield><subfield code="2">fast</subfield><subfield code="0">(OCoLC)fst01205171</subfield></datafield><datafield ind1=" " ind2=" " tag="752"><subfield code="a">United States</subfield><subfield code="b">Pennsylvania</subfield><subfield code="c">Allegheny</subfield><subfield code="d">Pittsburgh.</subfield></datafield><datafield ind1="1" ind2=" " tag="776"><subfield code="c">Microfilm</subfield><subfield code="d">American Theological Library Association</subfield><subfield code="w">(DLC)   00221503</subfield><subfield code="w">(OCoLC)44262286</subfield></datafield><datafield ind1="0" ind2="0" tag="780"><subfield code="t">Presbyterian Christian herald</subfield><subfield code="w">(DLC)sn 86083187</subfield><subfield code="w">(OCoLC)13025058</subfield></datafield><datafield ind1="0" ind2="0" tag="785"><subfield code="t">Presbyterian advocate</subfield><subfield code="w">(DLC)sn 86081446</subfield><subfield code="w">(OCoLC)2449836</subfield></datafield></record>